<?xml version="1.0" encoding="UTF-8"?><collection xmlns="http://www.loc.gov/MARC21/slim"><record><leader>00397nam--2200133-i-4500</leader><controlfield tag="001">000002036</controlfield><controlfield tag="002">20161230</controlfield><controlfield tag="005">20161230201024</controlfield><controlfield tag="008">060222s1000------------r-----000-0-eng-d</controlfield><datafield ind1=" " ind2=" " tag="080"><subfield code="a">621.73</subfield></datafield><datafield ind1=" " ind2=" " tag="100"><subfield code="a">Dorohov, N.N., Zlatchin, M.G</subfield></datafield><datafield ind1=" " ind2=" " tag="245"><subfield code="a">Forjarea cu prese hidraulice.indrumator pentru maistri si tehnologi</subfield></datafield><datafield ind1=" " ind2=" " tag="260"><subfield code="a">Bucuresti, Institutul De Documentare Tehnica, 1947. 197 P</subfield></datafield><datafield ind1=" " ind2=" " tag="852"><subfield code="a">26460</subfield></datafield></record></collection>